@article{charlow2014semantics,
  title={On the semantics of exceptional scope},
  author={Charlow, Simon},
  year={2014}
}
